% GLOBAL OPTIMIZATION OF LJ CLUSTERS
@article{wales1997global,
  title={Global optimization by basin-hopping and the lowest energy structures of Lennard-Jones clusters containing up to 110 atoms},
  author={Wales, David J and Doye, Jonathan PK},
  journal={The Journal of Physical Chemistry A},
  volume={101},
  number={28},
  pages={5111--5116},
  year={1997},
  publisher={ACS Publications}
}
@article{wales1998global,
  title={Global minima of water clusters (H2O) n, nâ‰¤ 21, described by an empirical potential},
  author={Wales, David J and Hodges, Matthew P},
  journal={Chemical physics letters},
  volume={286},
  number={1-2},
  pages={65--72},
  year={1998},
  publisher={Elsevier}
}
@article{wales1999global,
  title={Global optimization of clusters, crystals, and biomolecules},
  author={Wales, David J and Scheraga, Harold A},
  journal={Science},
  volume={285},
  number={5432},
  pages={1368--1372},
  year={1999},
  publisher={American Association for the Advancement of Science}
}
@article{doye1999double,
  title={The double-funnel energy landscape of the 38-atom Lennard-Jones cluster},
  author={Doye, Jonathan PK and Miller, Mark A and Wales, David J},
  journal={The Journal of Chemical Physics},
  volume={110},
  number={14},
  pages={6896--6906},
  year={1999},
  publisher={American Institute of Physics}
}

% MOLECULAR DYNAMICS OF LJ CLUSTERS
@article{honeycutt1987molecular,
  title={Molecular dynamics study of melting and freezing of small Lennard-Jones clusters},
  author={Honeycutt, J Dana and Andersen, Hans C},
  journal={Journal of Physical Chemistry},
  volume={91},
  number={19},
  pages={4950--4963},
  year={1987},
  publisher={ACS Publications}
}
@article{calvo1995configurational,
  title={Configurational density of states from molecular dynamics simulations},
  author={Calvo, F and Labastie, P},
  journal={Chemical physics letters},
  volume={247},
  number={4-6},
  pages={395--400},
  year={1995},
  publisher={Elsevier}
}
@article{calvo2000phase,
  title={Phase changes in 38-atom Lennard-Jones clusters. II. A parallel tempering study of equilibrium and dynamic properties in the molecular dynamics and microcanonical ensembles},
  author={Calvo, F and Neirotti, JP and Freeman, David L and Doll, JD},
  journal={The Journal of Chemical Physics},
  volume={112},
  number={23},
  pages={10350--10357},
  year={2000},
  publisher={American Institute of Physics}
}

% PHASE CHANGE OF LJ CLUSTERS
@article{neirotti2000phase,
  title={Phase changes in 38-atom Lennard-Jones clusters. I. A parallel tempering study in the canonical ensemble},
  author={Neirotti, JP and Calvo, F and Freeman, David L and Doll, JD},
  journal={The Journal of Chemical Physics},
  volume={112},
  number={23},
  pages={10340--10349},
  year={2000},
  publisher={American Institute of Physics}
}
@article{sabo2005pressure,
  title={Pressure dependent study of the solid-solid phase change in 38-atom Lennard-Jones cluster},
  author={Sabo, Dubravko and Freeman, David L and Doll, JD},
  journal={The Journal of chemical physics},
  volume={122},
  number={9},
  pages={094716},
  year={2005},
  publisher={American Institute of Physics}
}
@article{sehgal2014phase,
  title={Phase behavior of the 38-atom Lennard-Jones cluster},
  author={Sehgal, Ray M and Maroudas, Dimitrios and Ford, David M},
  journal={The Journal of chemical physics},
  volume={140},
  number={10},
  pages={104312},
  year={2014},
  publisher={American Institute of Physics}
}

% MONTE CARLO LJ CLUSTERS
@article{frantsuzov2005size,
  title={Size-temperature phase diagram for small Lennard-Jones clusters},
  author={Frantsuzov, Pavel A and Mandelshtam, Vladimir A},
  journal={Physical Review E},
  volume={72},
  number={3},
  pages={037102},
  year={2005},
  publisher={APS}
}
@article{mandelshtam2006structural,
  title={Structural transitions and melting in LJ74-78 Lennard-Jones clusters from adaptive exchange Monte Carlo simulations},
  author={Mandelshtam, Vladimir A and Frantsuzov, Pavel A and Calvo, Florent},
  journal={The Journal of Physical Chemistry A},
  volume={110},
  number={16},
  pages={5326--5332},
  year={2006},
  publisher={ACS Publications}
}
@article{mandelshtam2006multiple,
  title={Multiple structural transformations in Lennard-Jones clusters: Generic versus size-specific behavior},
  author={Mandelshtam, Vladimir A and Frantsuzov, Pavel A},
  journal={The Journal of chemical physics},
  volume={124},
  number={20},
  pages={204511},
  year={2006},
  publisher={American Institute of Physics}
}
@article{frantz2001magic,
  title={Magic number behavior for heat capacities of medium-sized classical Lennard-Jones clusters},
  author={Frantz, DD},
  journal={The Journal of Chemical Physics},
  volume={115},
  number={13},
  pages={6136--6157},
  year={2001},
  publisher={American Institute of Physics}
}
@article{yin2012massively,
  title={Massively parallel Wang--Landau sampling on multiple GPUs},
  author={Yin, Junqi and Landau, DP},
  journal={Computer Physics Communications},
  volume={183},
  number={8},
  pages={1568--1573},
  year={2012},
  publisher={Elsevier}
}