% DFT
@article{gil-villegas-1997-SAFT-VR,
  title={{Statistical associating fluid theory for chain molecules with attractive potentials of variable range}},
  author={Gil-Villegas, A. and Galindo, A. and Whitehead, P.J. and Mills, S.J. and Jackson, G. and Burgess, A.N.},
  journal={The Journal of Chemical Physics},
  volume={106},
  pages={4168},
  year={1997}
}
@article{roth2002whitebear,
  title={{Fundamental measure theory for hard-sphere mixtures revisited: the White Bear version}},
  author={Roth, R. and Evans, R. and Lang, A. and Kahl, G.},
  journal={Journal of Physics: Condensed Matter},
  volume={14},
  pages={12063},
  year={2002},
  publisher={IOP Publishing}
}
@article{barker1976liquid,
  title={What is "liquid"? Understanding the states of matter},
  author={Barker, J.A. and Henderson, D.},
  journal={Reviews of Modern Physics},
  volume={48},
  number={4},
  pages={587},
  year={1976},
  publisher={APS}
}
@article{hughes2013classical,
  title={A classical density-functional theory for describing water interfaces},
  author={Hughes, Jessica and Krebs, Eric J and Roundy, David and others},
  journal={The Journal of chemical physics},
  volume={138},
  number={2},
  pages={024509--024509},
  year={2013}
}
@article{peng2008meanfield,
author = {Peng, Bo and Yu, Yang-Xin},
title = {A Density Functional Theory with a Mean-field Weight Function: Applications to Surface Tension, Adsorption, and Phase Transition of a Lennard-Jones Fluid in a Slit-like Pore},
journal = {The Journal of Physical Chemistry B},
volume = {112},
number = {48},
pages = {15407-15416},
year = {2008},
doi = {10.1021/jp805697p},

URL = {http://pubs.acs.org/doi/abs/10.1021/jp805697p},
eprint = {http://pubs.acs.org/doi/pdf/10.1021/jp805697p}
}
@article{yu2009novel,
  title={A novel weighted density functional theory for adsorption, fluid-solid interfacial tension, and disjoining properties of simple liquid films on planar solid surfaces},
  author={Yu, Yang-Xin},
  journal={The Journal of chemical physics},
  volume={131},
  number={2},
  pages={024704},
  year={2009},
  publisher={AIP Publishing}
}
@article{sundararaman2013efficient,
  title={Efficient classical density-functional theories of rigid-molecular fluids and a simplified free energy functional for liquid water},
  author={Sundararaman, Ravishankar and Arias, TA},
  journal={Computer Physics Communications},
  year={2013},
  publisher={Elsevier}
}
@article{shen2013hybrid,
  title={A hybrid perturbed-chain SAFT density functional theory for representing fluid behavior in nanopores: Mixtures},
  author={Shen, Gulou and Ji, Xiaoyan and {\"O}berg, Sven and Lu, Xiaohua},
  journal={The Journal of chemical physics},
  volume={139},
  number={19},
  pages={194705},
  year={2013},
  publisher={AIP Publishing}
}
@article{schulte2012using,
  title={Using fundamental measure theory to treat the correlation function of the inhomogeneous hard-sphere fluid},
  author={Schulte, Jeff B and Kreitzberg, Patrick A and Haglund, Chris V and Roundy, David},
  journal={Physical Review E},
  volume={86},
  number={6},
  pages={061201},
  year={2012},
  publisher={APS}
}
% Square well fluid
@article{barker1967-SW-perturbation,
   author = {Barker, J. A. and Henderson, D.},
   title = {Perturbation Theory and Equation of State for Fluids: The Square‚ÄêWell Potential},
   journal = {The Journal of Chemical Physics},
   year = {1967},
   volume = {47},
   number = {8},
   pages = {2856-2861},
}
@article{vega1992phase,
  title={Phase equilibria and critical behavior of square-well fluids of variable width by Gibbs ensemble Monte Carlo simulation},
  author={Vega, Lourdes and de Miguel, Enrique and Rull, Luis F and Jackson, George and McLure, Ian A},
  journal={The Journal of Chemical Physics},
  volume={96},
  number={3},
  pages={2296--2305},
  year={1992},
  publisher={AIP}
}
@article{singh2003surface,
  title={Surface tension and vapor--liquid phase coexistence of the square-well fluid},
  author={Singh, Jayant K and Kofke, David A and Errington, Jeffrey R},
  journal={The Journal of Chemical Physics},
  volume={119},
  number={6},
  pages={3405--3412},
  year={2003},
  publisher={AIP}
}
@article{barker2004perturbationSW,
  title={Perturbation Theory and Equation of State for Fluids: The Square-Well Potential},
  author={Barker, John Adair and Henderson, Douglas},
  journal={The Journal of Chemical Physics},
  volume={47},
  number={8},
  pages={2856--2861},
  year={2004},
  publisher={AIP Publishing}
}
@book{Simple-Liquids,
  author = {Hansen, J. P. and McDonald, I. R.},
  title = {Theory of Simple Liquids},
  publisher = {Academic Press},
  edition = {3},
  year = {2006}
}
@article{barker2004perturbationII,
  title={Perturbation theory and equation of state for fluids. II. A successful theory of liquids},
  author={Barker, John A and Henderson, Douglas},
  journal={The Journal of Chemical Physics},
  volume={47},
  number={11},
  pages={4714--4721},
  year={2004},
  publisher={AIP Publishing}
}
@article{lurie2014approach,
  title={Approach to approximating the pair distribution function of inhomogeneous hard-sphere fluids},
  author={Lurie-Gregg, Paho and Schulte, Jeff B and Roundy, David},
  journal={Physical Review E},
  volume={90},
  number={4},
  pages={042130},
  year={2014},
  publisher={APS}
}
@phdthesis{schulte2015thesis,
  title={Hard spheres within classical density functional theory and Min proteins in Escherichia coli},
  author={Schulte, Jeff B},
  year={2015}
}
@article{krebs2014improved,
  title={Improved association in a classical density functional theory for water},
  author={Krebs, Eric J and Schulte, Jeff B and Roundy, David},
  journal={The Journal of chemical physics},
  volume={140},
  number={12},
  pages={124507},
  year={2014},
  publisher={AIP}
}
@phdthesis{perlin2015thesis,
  title={Optimizing Monte Carlo simulation of the square-well fluid},
  author={Perlin, Michael A},
  year={2015}
}
% Broad Histogram
@article{penna1998broad,
  title={Broad histogram monte carlo},
  author={De Oliveira, PMC and Penna, TJP and Herrmann, HJ},
  journal={The European Physical Journal B-Condensed Matter and Complex Systems},
  volume={1},
  number={2},
  pages={205--208},
  year={1998},
  publisher={Springer}
}
@article{penna1996broad,
  title={Broad histogram method},
  author={Penna, TJP and Herrmann, HJ},
  journal={arXiv preprint cond-mat/9610041},
  year={1996}
}
@article{wang1999broad,
  title={Is the broad histogram random walk dynamics correct?},
  author={Wang, J-S},
  journal={The European Physical Journal B-Condensed Matter and Complex Systems},
  volume={8},
  number={2},
  pages={287--291},
  year={1999},
  publisher={Springer}
}
@article{swendsen1987nonuniversal,
  title={Nonuniversal critical dynamics in Monte Carlo simulations},
  author={Swendsen, Robert H and Wang, Jian-Sheng},
  journal={Physical review letters},
  volume={58},
  number={2},
  pages={86},
  year={1987},
  publisher={APS}
}
@article{hastings1970monte,
  title={Monte Carlo sampling methods using Markov chains and their applications},
  author={Hastings, W Keith},
  journal={Biometrika},
  volume={57},
  number={1},
  pages={97--109},
  year={1970},
  publisher={Biometrika Trust}
}
% Optimized Ensembles
@article{trebst2004optimizing,
  title={Optimizing the ensemble for equilibration in broad-histogram Monte Carlo simulations},
  author={Trebst, Simon and Huse, David A and Troyer, Matthias},
  journal={Physical Review E},
  volume={70},
  number={4},
  pages={046701},
  year={2004},
  publisher={APS}
}
@article{wessel2007optimized,
  title={Optimized broad-histogram ensembles for the simulation of quantum systems},
  author={Wessel, Stefan and Stoop, Norbert and Gull, Emanuel and Trebst, Simon and Troyer, Matthias},
  journal={Journal of Statistical Mechanics: Theory and Experiment},
  volume={2007},
  number={12},
  pages={P12005},
  year={2007},
  publisher={IOP Publishing}
}
% GC-TMMC Algorithm
@article{siderius2013use,
  title={Use of the grand canonical transition-matrix Monte Carlo method to model gas adsorption in porous materials},
  author={Siderius, Daniel W and Shen, Vincent K},
  journal={The Journal of Physical Chemistry C},
  volume={117},
  number={11},
  pages={5861--5872},
  year={2013},
  publisher={ACS Publications}
}
@article{chen2001aggregation,
  title={Aggregation-volume-bias Monte Carlo simulations of vapor-liquid nucleation barriers for Lennard-Jonesium},
  author={Chen, Bin and Siepmann, J Ilja and Oh, Kwang J and Klein, Michael L},
  journal={The Journal of Chemical Physics},
  volume={115},
  number={23},
  pages={10903--10913},
  year={2001},
  publisher={AIP}
}
@article{chen2002simulating,
  title={Simulating vapor--liquid nucleation of n-alkanes},
  author={Chen, Bin and Siepmann, J Ilja and Oh, Kwang J and Klein, Michael L},
  journal={The Journal of chemical physics},
  volume={116},
  number={10},
  pages={4317--4329},
  year={2002},
  publisher={AIP}
}
@article{errington2003direct,
  title={Direct calculation of liquid--vapor phase equilibria from transition matrix Monte Carlo simulation},
  author={Errington, Jeffrey R},
  journal={The Journal of chemical physics},
  volume={118},
  number={22},
  pages={9915--9925},
  year={2003},
  publisher={AIP}
}
@article{paluch2008comparing,
  title={Comparing the use of Gibbs ensemble and grand-canonical transition-matrix Monte Carlo methods to determine phase equilibria},
  author={Paluch, Andrew S and Shen, Vincent K and Errington, Jeffrey R},
  journal={Industrial \& Engineering Chemistry Research},
  volume={47},
  number={13},
  pages={4533--4541},
  year={2008},
  publisher={ACS Publications}
}
@article{fenwick2006accurate,
  title={Accurate estimation of the density of states from Monte Carlo transition probability data},
  author={Fenwick, Michael K},
  journal={The Journal of chemical physics},
  volume={125},
  number={14},
  pages={144905},
  year={2006},
  publisher={AIP}
}
@article{fenwick2008direct,
  title={A direct multiple histogram reweighting method for optimal computation of the density of states},
  author={Fenwick, Michael K},
  journal={The Journal of chemical physics},
  volume={129},
  number={12},
  pages={09B619},
  year={2008},
  publisher={AIP}
}
@article{errington2005direct,
  title={Direct evaluation of multicomponent phase equilibria using flat-histogram methods},
  author={Errington, Jeffrey R and Shen, Vincent K},
  journal={The Journal of chemical physics},
  volume={123},
  number={16},
  pages={164103},
  year={2005},
  publisher={AIP}
}
@article{grzelak2008computation,
  title={Computation of interfacial properties via grand canonical transition matrix Monte Carlo simulation},
  author={Grzelak, Eric M and Errington, Jeffrey R},
  journal={The Journal of chemical physics},
  volume={128},
  number={1},
  pages={014710},
  year={2008},
  publisher={AIP}
}
% Fitzgerald TMMC Alogrithm
@article{fitzgerald2000monte,
  title={Monte Carlo transition dynamics and variance reduction},
  author={Fitzgerald, M and Picard, RR and Silver, RN},
  journal={Journal of Statistical Physics},
  volume={98},
  number={1-2},
  pages={321--345},
  year={2000},
  publisher={Springer}
}
@article{siepmann1990method,
  title={A method for the direct calculation of chemical potentials for dense chain systems},
  author={Siepmann, J{\"o}rn Ilja},
  journal={Molecular Physics},
  volume={70},
  number={6},
  pages={1145--1158},
  year={1990},
  publisher={Taylor \& Francis}
}
% WL-TMMC Alogrithm
@article{shell2003improved,
  title={An improved Monte Carlo method for direct calculation of the density of states},
  author={Shell, M Scott and Debenedetti, Pablo G and Panagiotopoulos, Athanassios Z},
  journal={The Journal of chemical physics},
  volume={119},
  number={18},
  pages={9406--9411},
  year={2003},
  publisher={AIP}
}
@article{shell2004flat,
  title={Flat-histogram dynamics and optimization in density of states simulations of fluids},
  author={Shell, M Scott and Debenedetti, Pablo G and Panagiotopoulos, Athanassios Z},
  journal={The Journal of Physical Chemistry B},
  volume={108},
  number={51},
  pages={19748--19755},
  year={2004},
  publisher={ACS Publications}
}
@article{shen2014elucidating,
  title={Elucidating the effects of adsorbent flexibility on fluid adsorption using simple models and flat-histogram sampling methods},
  author={Shen, Vincent K and Siderius, Daniel W},
  journal={The Journal of chemical physics},
  volume={140},
  number={24},
  pages={244106},
  year={2014},
  publisher={AIP}
}
@article{hatch2015computational,
  title={Computational study of trimer self-assembly and fluid phase behavior},
  author={Hatch, Harold W and Mittal, Jeetain and Shen, Vincent K},
  journal={The Journal of chemical physics},
  volume={142},
  number={16},
  pages={164901},
  year={2015},
  publisher={AIP Publishing}
}
@article{mahynski2017predicting,
  title={Predicting low-temperature free energy landscapes with flat-histogram Monte Carlo methods},
  author={Mahynski, Nathan A and Blanco, Marco A and Errington, Jeffrey R and Shen, Vincent K},
  journal={The Journal of Chemical Physics},
  volume={146},
  number={7},
  pages={074101},
  year={2017},
  publisher={AIP Publishing}
}
@article{mahynski2017multivariable,
  title={Multivariable extrapolation of grand canonical free energy landscapes},
  author={Mahynski, Nathan A and Errington, Jeffrey R and Shen, Vincent K},
  journal={The Journal of chemical physics},
  volume={147},
  number={23},
  pages={234111},
  year={2017},
  publisher={AIP Publishing}
}
@article{blanco2016effect,
  title={Effect of the surface charge distribution on the fluid phase behavior of charged colloids and proteins},
  author={Blanco, Marco A and Shen, Vincent K},
  journal={The Journal of chemical physics},
  volume={145},
  number={15},
  pages={155102},
  year={2016},
  publisher={AIP Publishing}
}
@article{rane2013monte,
  title={Monte Carlo simulation methods for computing liquid--vapor saturation properties of model systems},
  author={Rane, Kaustubh S and Murali, Sabharish and Errington, Jeffrey R},
  journal={Journal of chemical theory and computation},
  volume={9},
  number={6},
  pages={2552--2566},
  year={2013},
  publisher={ACS Publications}
}
@article{haber2018performance,
  title={A Performance Comparison of Density-of-States Methods},
  author={Haber, Ren{\'e} and Hoffmann, Karl Heinz},
  year={2018}
}
% SA-TMMC (Stochastic Approximation)
@article{liang2006theory,
  title={A theory on flat histogram monte carlo algorithms},
  author={Liang, Faming},
  journal={Journal of statistical physics},
  volume={122},
  number={3},
  pages={511--529},
  year={2006},
  publisher={Springer}
}
@article{liang2007stochastic,
  title={Stochastic approximation in Monte Carlo computation},
  author={Liang, Faming and Liu, Chuanhai and Carroll, Raymond J},
  journal={Journal of the American Statistical Association},
  volume={102},
  number={477},
  pages={305--320},
  year={2007},
  publisher={Taylor \& Francis}
}
@article{schneider2017convergence,
  title={Convergence of Stochastic Approximation Monte Carlo and modified Wang--Landau algorithms: Tests for the Ising model},
  author={Schneider, Simon and Mueller, Marco and Janke, Wolfhard},
  journal={Computer Physics Communications},
  volume={216},
  pages={1--7},
  year={2017},
  publisher={Elsevier}
}
@article{werlich2015stochastic,
  title={Stochastic approximation Monte Carlo and Wang--Landau Monte Carlo applied to a continuum polymer model},
  author={Werlich, B and Shakirov, T and Taylor, MP and Paul, W},
  journal={Computer Physics Communications},
  volume={186},
  pages={65--70},
  year={2015},
  publisher={Elsevier}
}
% WL rate of convergence and error saturation
@article{belardinelli2007wang,
  title={Wang-Landau algorithm: A theoretical analysis of the saturation of the error},
  author={Belardinelli, R. E. and Pereyra, V. D.},
  journal={The Journal of chemical physics},
  volume={127},
  number={18},
  pages={184105},
  year={2007},
  publisher={AIP}
}
@article{lee2006convergence,
  title={Convergence and refinement of the Wang--Landau algorithm},
  author={Lee, Hwee Kuan and Okabe, Yutaka and Landau, D. P.},
  journal={Computer physics communications},
  volume={175},
  number={1},
  pages={36--40},
  year={2006},
  publisher={Elsevier}
}
@article{zhou2005understanding,
  title={Understanding and improving the Wang-Landau algorithm},
  author={Zhou, Chenggang and Bhatt, R. N.},
  journal={Physical Review E},
  volume={72},
  number={2},
  pages={025701},
  year={2005},
  publisher={APS}
}
@article{koh2013dynamically,
  title={Dynamically optimized Wang-Landau sampling with adaptive trial moves and modification factors},
  author={Koh, Yang Wei and Lee, Hwee Kuan and Okabe, Yutaka},
  journal={Physical Review E},
  volume={88},
  number={5},
  pages={053302},
  year={2013},
  publisher={APS}
}
% Wang-Landau Algorithm
@book{landau2014guide,
  title={A guide to Monte Carlo simulations in statistical physics},
  author={Landau, David P. and Binder, Kurt},
  year={2014},
  publisher={Cambridge university press}
}
@article{wang2001determining,
  title={Determining the density of states for classical statistical models: A random walk algorithm to produce a flat histogram},
  author={Wang, Fugao and Landau, D. P.},
  journal={Physical Review E},
  volume={64},
  number={5},
  pages={056101},
  year={2001},
  publisher={APS}
}
@article{wang2001efficient,
  title={Efficient, multiple-range random walk algorithm to calculate the density of states},
  author={Wang, Fugao and Landau, D. P.},
  journal={Physical review letters},
  volume={86},
  number={10},
  pages={2050},
  year={2001},
  publisher={APS}
}
@article{landau2004new,
  title={A new approach to Monte Carlo simulations in statistical physics: Wang-Landau sampling},
  author={Landau, D. P. and Tsai, Shan-Ho and Exler, M},
  journal={American Journal of Physics},
  volume={72},
  number={10},
  pages={1294--1302},
  year={2004},
  publisher={AAPT}
}
@article{belardinelli2014intrinsic,
  title={Intrinsic convergence properties of entropic sampling algorithms},
  author={Belardinelli, Rolando Elio and Pereyra, Victor Daniel and Dickman, Ronald and Louren{\c{c}}o, Bruno Jeferson},
  journal={Journal of Statistical Mechanics: Theory and Experiment},
  volume={2014},
  number={7},
  pages={P07007},
  year={2014},
  publisher={Iop Publishing}
}
@article{singh2012density,
  title={Density of states--based molecular simulations},
  author={Singh, Sadanand and Chopra, Manan and de Pablo, Juan J},
  journal={Annual Review of Chemical and Biomolecular Engineering},
  volume={3},
  pages={369--394},
  year={2012},
  publisher={Annual Reviews}
}
% 1/t WL Algorithm
@article{belardinelli2008analysis,
  title={Analysis of the convergence of the 1/t and Wang-Landau algorithms in the calculation of multidimensional integrals},
  author={Belardinelli, R E and Manzi, S and Pereyra, V. D.},
  journal={Physical Review E},
  volume={78},
  number={6},
  pages={067701},
  year={2008},
  publisher={APS}
}
@article{belardinelli2007fast,
  title={Fast algorithm to calculate density of states},
  author={Belardinelli, R E and Pereyra, V. D.},
  journal={Physical Review E},
  volume={75},
  number={4},
  pages={046701},
  year={2007},
  publisher={APS}
}
% TMMC
@article{bhar2009computer,
  title={Computer simulation of two continuous spin models using Wang--Landau-Transition-Matrix Monte Carlo algorithm},
  author={Bhar, Shyamal and Roy, Soumen Kumar},
  journal={Computer Physics Communications},
  volume={180},
  number={5},
  pages={699--707},
  year={2009},
  publisher={Elsevier}
}
@article{wang1999transition,
  title={Transition matrix Monte Carlo reweighting and dynamics},
  author={Wang, Jian-Sheng and Tay, Tien Kiat and Swendsen, Robert H},
  journal={Physical review letters},
  volume={82},
  number={3},
  pages={476},
  year={1999},
  publisher={APS}
}
@article{wang2002transition,
  title={Transition matrix Monte Carlo method},
  author={Wang, Jian-Sheng and Swendsen, Robert H},
  journal={Journal of statistical physics},
  volume={106},
  number={1-2},
  pages={245--285},
  year={2002},
  publisher={Springer}
}
@article{swendsen1999transition,
  title={Transition matrix Monte Carlo},
  author={Swendsen, Robert H and Diggs, Brian and Wang, Jian-Sheng and Li, Shing-Te and Genovese, Christopher and Kadane, Joseph B},
  journal={International Journal of Modern Physics C},
  volume={10},
  number={08},
  pages={1563--1569},
  year={1999},
  publisher={World Scientific}
}
@phdthesis{haber2014transition,
  title={Transition Matrix Monte Carlo Methods for Density of States Prediction},
  author={Haber, Ren{\'e}},
  year={2014}
}
@article{ferrenberg1988new,
  title={New Monte Carlo technique for studying phase transitions},
  author={Ferrenberg, Alan M and Swendsen, Robert H},
  journal={Physical review letters},
  volume={61},
  number={23},
  pages={2635},
  year={1988},
  publisher={APS}
}
@article{schulz2003avoiding,
  title={Avoiding boundary effects in Wang-Landau sampling},
  author={Schulz, B J and Binder, K and M{\"u}ller, M and Landau, D. P.},
  journal={Physical Review E},
  volume={67},
  number={6},
  pages={067102},
  year={2003},
  publisher={APS}
}
@article{yan2003fast,
  title={Fast calculation of the density of states of a fluid by Monte Carlo simulations},
  author={Yan, Qiliang and de Pablo, Juan J},
  journal={Physical review letters},
  volume={90},
  number={3},
  pages={035701},
  year={2003},
  publisher={APS}
}
@article{zhou2008optimal,
  title={Optimal modification factor and convergence of the Wang-Landau algorithm},
  author={Zhou, Chenggang and Su, Jia and others},
  journal={Physical Review E},
  volume={78},
  number={4},
  pages={046705},
  year={2008},
  publisher={APS}
}
@article{fasnacht2004adaptive,
  title={Adaptive integration method for Monte Carlo simulations},
  author={Fasnacht, Marc and Swendsen, Robert H and Rosenberg, John M},
  journal={Physical Review E},
  volume={69},
  number={5},
  pages={056704},
  year={2004},
  publisher={APS}
}
% Additional citations desired by the referee (CHECK FOR ERRORS IN NAMES)
@article{berg1992multicanonical,
  title={Multicanonical ensemble: A new approach to simulate first-order phase transitions},
  author={Berg, Bernd A and Neuhaus, Thomas},
  journal={Physical Review Letters},
  volume={68},
  number={1},
  pages={9},
  year={1992},
  publisher={APS}
}
@article{berg1991multicanonical,
  title={Multicanonical algorithms for first order phase transitions},
  author={Berg, Bernd A and Neuhaus, Thomas},
  journal={Physics Letters B},
  volume={267},
  number={2},
  pages={249--253},
  year={1991},
  publisher={Elsevier}
}
@article{panagiotopoulos1998phase,
  title={Phase equilibria of lattice polymers from histogram reweighting Monte Carlo simulations},
  author={Panagiotopoulos, Athanassios Z and Wong, Vicky and Floriano, M Antonio},
  journal={Macromolecules},
  volume={31},
  number={3},
  pages={912--918},
  year={1998},
  publisher={ACS Publications}
}
@article{panagiotopoulos2000monte,
  title={Monte Carlo methods for phase equilibria of fluids},
  author={Panagiotopoulos, Athanassios Z},
  journal={Journal of Physics: Condensed Matter},
  volume={12},
  number={3},
  pages={R25},
  year={2000},
  publisher={IOP Publishing}
}
@article{dayal2004performance,
  title={Performance limitations of flat-histogram methods},
  author={Dayal, Prakash and Trebst, Simon and Wessel, Stefan and Wurtz, Diethelm and Troyer, Matthias and Sabhapandit, Sanjib and Coppersmith, S N},
  journal={Physical Review Letters},
  volume={92},
  number={9},
  pages={097201},
  year={2004},
  publisher={APS}
}
@article{troyer2003flat,
  title={Flat histogram methods for quantum systems: algorithms to overcome tunneling problems and calculate the free energy},
  author={Troyer, Matthias and Wessel, Stefan and Alet, Fabien},
  journal={Physical review letters},
  volume={90},
  number={12},
  pages={120201},
  year={2003},
  publisher={APS}
}
@article{laio2002escaping,
  title={Escaping free-energy minima},
  author={Laio, Alessandro and Parrinello, Michele},
  journal={Proceedings of the National Academy of Sciences},
  volume={99},
  number={20},
  pages={12562--12566},
  year={2002},
  publisher={National Acad Sciences}
}
@article{junghans2014molecular,
  title={Molecular dynamics in the multicanonical ensemble: Equivalence of Wang--Landau sampling, statistical temperature molecular dynamics, and metadynamics},
  author={Junghans, Christoph and Perez, Danny and Vogel, Thomas},
  journal={Journal of chemical theory and computation},
  volume={10},
  number={5},
  pages={1843--1847},
  year={2014},
  publisher={ACS Publications}
}
@article{kim2009replica,
  title={Replica exchange statistical temperature monte carlo},
  author={Kim, Jaegil G and Keyes, Thomas and Straub, John E},
  journal={The Journal of chemical physics},
  volume={130},
  number={12},
  pages={124112},
  year={2009},
  publisher={AIP}
}
@article{kim2006statistical,
  title={Statistical-temperature Monte Carlo and molecular dynamics algorithms},
  author={Kim, Jaegil G and Straub, John E and Keyes, Thomas},
  journal={Physical review letters},
  volume={97},
  number={5},
  pages={050601},
  year={2006},
  publisher={APS}
}
@article{kim2007statistical,
  title={Statistical temperature molecular dynamics: Application to coarse-grained $\beta$-barrel-forming protein models},
  author={Kim, Jaegil G and Straub, John E and Keyes, Thomas},
  journal={The Journal of chemical physics},
  volume={126},
  number={13},
  pages={04B601},
  year={2007},
  publisher={AIP}
}
@article{troster2005wang,
  title={Wang-Landau sampling with self-adaptive range},
  author={Tr{\"o}ster, Andreas and Dellago, Christoph},
  journal={Physical Review E},
  volume={71},
  number={6},
  pages={066705},
  year={2005},
  publisher={APS}
}
@article{liang2009improving,
  title={Improving SAMC using smoothing methods: theory and applications to Bayesian model selection problems},
  author={Liang, Faming and others},
  journal={The Annals of Statistics},
  volume={37},
  number={5B},
  pages={2626--2654},
  year={2009},
  publisher={Institute of Mathematical Statistics}
}
% LJ Citations
@article{mandelshtam2006multiple,
  title={Multiple structural transformations in Lennard-Jones clusters: Generic versus size-specific behavior},
  author={Mandelshtam, Vladimir A and Frantsuzov, Pavel A},
  journal={The Journal of chemical physics},
  volume={124},
  number={20},
  pages={204511},
  year={2006},
  publisher={AIP}
}
@article{neirotti2000phase,
  title={Phase changes in 38-atom Lennard-Jones clusters. I. A parallel tempering study in the canonical ensemble},
  author={Neirotti, JP and Calvo, F and Freeman, David L and Doll, JD},
  journal={The Journal of Chemical Physics},
  volume={112},
  number={23},
  pages={10340--10349},
  year={2000},
  publisher={AIP}
}
@article{frantsuzov2005size,
  title={Size-temperature phase diagram for small Lennard-Jones clusters},
  author={Frantsuzov, Pavel A and Mandelshtam, Vladimir A},
  journal={Physical Review E},
  volume={72},
  number={3},
  pages={037102},
  year={2005},
  publisher={APS}
}
@article{wales1997global,
  title={Global optimization by basin-hopping and the lowest energy structures of Lennard-Jones clusters containing up to 110 atoms},
  author={Wales, David J and Doye, Jonathan PK},
  journal={The Journal of Physical Chemistry A},
  volume={101},
  number={28},
  pages={5111--5116},
  year={1997},
  publisher={ACS Publications}
}
@article{calvo2000entropic,
  title={Entropic tempering: A method for overcoming quasiergodicity in simulation},
  author={Calvo, F and Doye, J P K},
  journal={Physical Review E},
  volume={63},
  number={1},
  pages={010902},
  year={2000},
  publisher={APS}
}
@article{calvo2000phase,
  title={Phase changes in 38-atom Lennard-Jones clusters. II. A parallel tempering study of equilibrium and dynamic properties in the molecular dynamics and microcanonical ensembles},
  author={Calvo, F and Neirotti, JP and Freeman, David L and Doll, JD},
  journal={The Journal of Chemical Physics},
  volume={112},
  number={23},
  pages={10350--10357},
  year={2000},
  publisher={AIP}
}
@article{poulain2006performances,
  title={Performances of Wang-Landau algorithms for continuous systems},
  author={Poulain, Pierre and Calvo, Florent and Antoine, Rodolphe and Broyer, Michel and Dugourd, Ph},
  journal={Physical Review E},
  volume={73},
  number={5},
  pages={056704},
  year={2006},
  publisher={APS}
}
@article{martiniani2014superposition,
  title={Superposition enhanced nested sampling},
  author={Martiniani, Stefano and Stevenson, Jacob D and Wales, David J and Frenkel, Daan},
  journal={Physical Review X},
  volume={4},
  number={3},
  pages={031034},
  year={2014},
  publisher={APS}
}
@article{doye1998thermodynamics,
  title={Thermodynamics of global optimization},
  author={Doye, J P K and Wales, D J},
  journal={Physical review letters},
  volume={80},
  number={7},
  pages={1357},
  year={1998},
  publisher={APS}
}
@article{doye1997thermally,
  title={Thermally-induced surface reconstructions of Mackay icosahedra},
  author={Doye, J P K and Wales, D J},
  journal={Zeitschrift f{\"u}r Physik D Atoms, Molecules and Clusters},
  volume={40},
  number={1},
  pages={466--468},
  year={1997},
  publisher={Springer}
}
@article{hendy2001molecular,
  title={Molecular-dynamics simulations of lead clusters},
  author={Hendy, S C and Hall, B D},
  journal={Physical Review B},
  volume={64},
  number={8},
  pages={085425},
  year={2001},
  publisher={APS}
}
@article{northby1987structure,
  title={Structure and binding of Lennard-Jones clusters: 13‚â§ N‚â§ 147},
  author={Northby, JA},
  journal={The Journal of chemical physics},
  volume={87},
  number={10},
  pages={6166--6177},
  year={1987},
  publisher={AIP}
}


@book{landau2014guide,
  title={A guide to Monte Carlo simulations in statistical physics},
  author={Landau, David P and Binder, Kurt},
  year={2014},
  publisher={Cambridge university press}
}

@article{wang2001efficient,
  title={Efficient, multiple-range random walk algorithm to calculate the density of states},
  author={Wang, Fugao and Landau, DP},
  journal={Physical review letters},
  volume={86},
  number={10},
  pages={2050},
  year={2001},
  publisher={APS}
}
@phdthesis{haber2014transition,
  title={Transition Matrix Monte Carlo Methods for Density of States Prediction},
  author={Haber, Ren{\'e}},
  year={2014}
}
@article{schulz2003avoiding,
  title={Avoiding boundary effects in Wang-Landau sampling},
  author={Schulz, B J and Binder, K and M{\"u}ller, M and Landau, D. P.},
  journal={Physical Review E},
  volume={67},
  number={6},
  pages={067102},
  year={2003},
  publisher={APS}
}
@article{ferrenberg1988new,
  title={New Monte Carlo technique for studying phase transitions},
  author={Ferrenberg, Alan M and Swendsen, Robert H},
  journal={Physical review letters},
  volume={61},
  number={23},
  pages={2635},
  year={1988},
  publisher={APS}
}
@article{penna1998broad,
  title={Broad histogram monte carlo},
  author={De Oliveira, PMC and Penna, TJP and Herrmann, HJ},
  journal={The European Physical Journal B-Condensed Matter and Complex Systems},
  volume={1},
  number={2},
  pages={205--208},
  year={1998},
  publisher={Springer}
}
@article{penna1996broad,
  title={Broad histogram method},
  author={Penna, TJP and Herrmann, HJ},
  journal={arXiv preprint cond-mat/9610041},
  year={1996}
}
@article{swendsen1999transition,
  title={Transition matrix Monte Carlo},
  author={Swendsen, Robert H and Diggs, Brian and Wang, Jian-Sheng and Li, Shing-Te and Genovese, Christopher and Kadane, Joseph B},
  journal={International Journal of Modern Physics C},
  volume={10},
  number={08},
  pages={1563--1569},
  year={1999},
  publisher={World Scientific}
}
% Violation of Detailed Balance.
@article{yan2003fast,
  title={Fast calculation of the density of states of a fluid by Monte Carlo simulations},
  author={Yan, Qiliang and de Pablo, Juan J},
  journal={Physical review letters},
  volume={90},
  number={3},
  pages={035701},
  year={2003},
  publisher={APS}
}
@article{shell2002generalization,
  title={Generalization of the Wang-Landau method for off-lattice simulations},
  author={Shell, M Scott and Debenedetti, Pablo G and Panagiotopoulos, Athanassios Z},
  journal={Physical review E},
  volume={66},
  number={5},
  pages={056703},
  year={2002},
  publisher={APS}
}
% 1/t WL Algorithm
@article{belardinelli2008analysis,
  title={Analysis of the convergence of the 1/t and Wang-Landau algorithms in the calculation of multidimensional integrals},
  author={Belardinelli, R E and Manzi, S and Pereyra, V. D.},
  journal={Physical Review E},
  volume={78},
  number={6},
  pages={067701},
  year={2008},
  publisher={APS}
}
@article{belardinelli2007fast,
  title={Fast algorithm to calculate density of states},
  author={Belardinelli, R E and Pereyra, V. D.},
  journal={Physical Review E},
  volume={75},
  number={4},
  pages={046701},
  year={2007},
  publisher={APS}
}
@article{zhou2008optimal,
  title={Optimal modification factor and convergence of the Wang-Landau algorithm},
  author={Zhou, Chenggang and Su, Jia and others},
  journal={Physical Review E},
  volume={78},
  number={4},
  pages={046705},
  year={2008},
  publisher={APS}
}
% WL rate of convergence and error saturation
@article{belardinelli2007wang,
  title={Wang-Landau algorithm: A theoretical analysis of the saturation of the error},
  author={Belardinelli, RE and Pereyra, VD},
  journal={The Journal of chemical physics},
  volume={127},
  number={18},
  pages={184105},
  year={2007},
  publisher={AIP}
}
@article{lee2006convergence,
  title={Convergence and refinement of the Wang--Landau algorithm},
  author={Lee, Hwee Kuan and Okabe, Yutaka and Landau, DP},
  journal={Computer physics communications},
  volume={175},
  number={1},
  pages={36--40},
  year={2006},
  publisher={Elsevier}
}
@article{zhou2005understanding,
  title={Understanding and improving the Wang-Landau algorithm},
  author={Zhou, Chenggang and Bhatt, RN},
  journal={Physical Review E},
  volume={72},
  number={2},
  pages={025701},
  year={2005},
  publisher={APS}
}
@article{koh2013dynamically,
  title={Dynamically optimized Wang-Landau sampling with adaptive trial moves and modification factors},
  author={Koh, Yang Wei and Lee, Hwee Kuan and Okabe, Yutaka},
  journal={Physical Review E},
  volume={88},
  number={5},
  pages={053302},
  year={2013},
  publisher={APS}
}
% SAMC
@article{liang2006theory,
  title={A theory on flat histogram monte carlo algorithms},
  author={Liang, Faming},
  journal={Journal of statistical physics},
  volume={122},
  number={3},
  pages={511--529},
  year={2006},
  publisher={Springer}
}
@article{liang2007stochastic,
  title={Stochastic approximation in Monte Carlo computation},
  author={Liang, Faming and Liu, Chuanhai and Carroll, Raymond J},
  journal={Journal of the American Statistical Association},
  volume={102},
  number={477},
  pages={305--320},
  year={2007},
  publisher={Taylor \& Francis}
}
@article{werlich2015stochastic,
  title={Stochastic approximation Monte Carlo and Wang--Landau Monte Carlo applied to a continuum polymer model},
  author={Werlich, B and Shakirov, T and Taylor, MP and Paul, W},
  journal={Computer Physics Communications},
  volume={186},
  pages={65--70},
  year={2015},
  publisher={Elsevier}
}
%Potts Model
@article{wu1982potts,
  title={The potts model},
  author={Wu, Fa-Yueh},
  journal={Reviews of modern physics},
  volume={54},
  number={1},
  pages={235},
  year={1982},
  publisher={APS}
}
%Ising Model
@article{beale1996exact,
  title={Exact distribution of energies in the two-dimensional Ising model},
  author={Beale, Paul D},
  journal={Physical Review Letters},
  volume={76},
  number={1},
  pages={78},
  year={1996},
  publisher={APS}
}
@article{landau1976finite,
  title={Finite-size behavior of the Ising square lattice},
  author={Landau, DP},
  journal={Physical Review B},
  volume={13},
  number={7},
  pages={2997},
  year={1976},
  publisher={APS}
}
@article{ferdinand1969bounded,
  title={Bounded and inhomogeneous Ising models. I. Specific-heat anomaly of a finite lattice},
  author={Ferdinand, Arthur E and Fisher, Michael E},
  journal={Physical Review},
  volume={185},
  number={2},
  pages={832},
  year={1969},
  publisher={APS}
}
@article{onsager1944crystal,
  title={Crystal statistics. I. A two-dimensional model with an order-disorder transition},
  author={Onsager, Lars},
  journal={Physical Review},
  volume={65},
  number={3-4},
  pages={117},
  year={1944},
  publisher={APS}
}
@article{kaufman1949crystal,
  title={Crystal statistics. II. Partition function evaluated by spinor analysis},
  author={Kaufman, Bruria},
  journal={Physical Review},
  volume={76},
  number={8},
  pages={1232},
  year={1949},
  publisher={APS}
}
% Ising error SAMC
@article{shakirov2018convergence,
  title={Convergence estimation of flat-histogram algorithms based on simulation results},
  author={Shakirov, T},
  journal={Computer Physics Communications},
  volume={228},
  pages={38--43},
  year={2018},
  publisher={Elsevier}
}
@article{barash2017control,
  title={Control of accuracy in the Wang-Landau algorithm},
  author={Barash, L Yu and Fadeeva, MA and Shchur, LN},
  journal={Physical Review E},
  volume={96},
  number={4},
  pages={043307},
  year={2017},
  publisher={APS}
}

% This is our SAD paper!
@article{pommerenck2020stochastic,
  title={Stochastic approximation Monte Carlo with a dynamic update factor},
  author={Pommerenck, Jordan K and Simpson, Tanner T and Perlin, Michael A and Roundy, David},
  journal={Physical Review E},
  volume={101},
  number={1},
  pages={013301},
  year={2020},
  publisher={APS}
}


% This is in the introduction
@article{sawilowsky2003you,
  title={You think you‚Äôve got trivials?},
  author={Sawilowsky, Shlomo S},
  journal={Journal of Modern Applied Statistical Methods},
  volume={2},
  number={1},
  pages={21},
  year={2003}
}
@article{l2007testu01,
  title={TestU01: AC library for empirical testing of random number generators},
  author={L'Ecuyer, Pierre and Simard, Richard},
  journal={ACM Transactions on Mathematical Software (TOMS)},
  volume={33},
  number={4},
  pages={1--40},
  year={2007},
  publisher={ACM New York, NY, USA}
}
@article{ferrenberg1992monte,
  title={Monte carlo simulations: Hidden errors from ‚Äò‚Äògood‚Äô‚Äôrandom number generators},
  author={Ferrenberg, Alan M and Landau, DP and Wong, Y Joanna},
  journal={Physical Review Letters},
  volume={69},
  number={23},
  pages={3382},
  year={1992},
  publisher={APS}
}
@article{ossola2004systematic,
  title={Systematic errors due to linear congruential random-number generators with the Swendsen-Wang algorithm: A warning},
  author={Ossola, Giovanni and Sokal, Alan D},
  journal={Physical Review E},
  volume={70},
  number={2},
  pages={027701},
  year={2004},
  publisher={APS}
}
@article{plascak2002cluster,
  title={Cluster hybrid Monte Carlo simulation algorithms},
  author={Plascak, JA and Ferrenberg, Alan M and Landau, DP},
  journal={Physical Review E},
  volume={65},
  number={6},
  pages={066702},
  year={2002},
  publisher={APS}
}
@article{coddington1994analysis,
  title={Analysis of random number generators using Monte Carlo simulation},
  author={Coddington, Paul D},
  journal={International Journal of Modern Physics C},
  volume={5},
  number={03},
  pages={547--560},
  year={1994},
  publisher={World Scientific}
}
@article{barry1996recommendations,
  title={Recommendations on the Testing and Use of Pseudo-Random Number Generators Used in Monte Carlo Analysis for Risk Assessment},
  author={Barry, Timothy M},
  journal={Risk analysis},
  volume={16},
  number={1},
  pages={93--105},
  year={1996},
  publisher={Wiley Online Library}
}
@article{panneton2005xorshift,
  title={On the xorshift random number generators},
  author={Panneton, Fran{\c{c}}ois and L'ecuyer, Pierre},
  journal={ACM Transactions on Modeling and Computer Simulation (TOMACS)},
  volume={15},
  number={4},
  pages={346--361},
  year={2005},
  publisher={ACM New York, NY, USA}
}
@article{blackman2018scrambled,
  title={Scrambled linear pseudorandom number generators},
  author={Blackman, David and Vigna, Sebastiano},
  journal={arXiv preprint arXiv:1805.01407},
  year={2018}
}
@article{berg2000introduction,
  title={Introduction to multicanonical Monte Carlo simulations},
  author={Berg, Bernd A},
  journal={Fields Inst. Commun},
  volume={26},
  number={1},
  pages={1--24},
  year={2000}
}
@article{metropolis1953equation,
  title={Equation of state calculations by fast computing machines},
  author={Metropolis, Nicholas and Rosenbluth, Arianna W and Rosenbluth, Marshall N and Teller, Augusta H and Teller, Edward},
  journal={The journal of chemical physics},
  volume={21},
  number={6},
  pages={1087--1092},
  year={1953},
  publisher={American Institute of Physics}
}